<?xml version="1.0" encoding="UTF-8" ?><marc:collection xmlns:marc="http://www.loc.gov/MARC21/slim" xmlns:xsi="http://www.w3.org/2001/XMLSchema-instance" xsi:schemaLocation="http://www.loc.gov/MARC21/slim http://www.loc.gov/standards/marcxml/schema/MARC21slim.xsd">
<marc:record><marc:leader>03661cam a2200481Ii 4500</marc:leader>
<marc:controlfield tag="001">b12565131</marc:controlfield>
<marc:controlfield tag="003">UaCaAUL</marc:controlfield><marc:controlfield tag="005">20170717095659.0</marc:controlfield><marc:controlfield tag="008">961017s1934    ua       b    001 0 ara d</marc:controlfield><marc:datafield tag="035" ind1=" " ind2=" "><marc:subfield code="a">(OCoLC)81608744</marc:subfield></marc:datafield><marc:datafield tag="040" ind1=" " ind2=" "><marc:subfield code="a">HLS</marc:subfield><marc:subfield code="b">eng</marc:subfield><marc:subfield code="e">rda</marc:subfield><marc:subfield code="c">HLS</marc:subfield><marc:subfield code="d">OCLCG</marc:subfield><marc:subfield code="d">OCLCF</marc:subfield><marc:subfield code="d">OCLCO</marc:subfield><marc:subfield code="d">OCLCQ</marc:subfield><marc:subfield code="d">MEAUC</marc:subfield></marc:datafield><marc:datafield tag="049" ind1=" " ind2=" "><marc:subfield code="a">MAIN</marc:subfield></marc:datafield><marc:datafield tag="066" ind1=" " ind2=" "><marc:subfield code="c">(3</marc:subfield></marc:datafield><marc:datafield tag="090" ind1=" " ind2=" "><marc:subfield code="a">BP55</marc:subfield><marc:subfield code="b">.V2x 1934</marc:subfield></marc:datafield><marc:datafield tag="100" ind1="1" ind2=" "><marc:subfield code="a">Vloten, Gerlof van,</marc:subfield><marc:subfield code="d">1866-1903,</marc:subfield><marc:subfield code="e">author.</marc:subfield></marc:datafield><marc:datafield tag="240" ind1="1" ind2="0"><marc:subfield code="a">Domination Arabe , le chiitisme et les croyances messianiques sous le khalifat des Omayades.</marc:subfield><marc:subfield code="l">Arabic.</marc:subfield></marc:datafield><marc:datafield tag="245" ind1="1" ind2="3"><marc:subfield code="6">880-01</marc:subfield><marc:subfield code="a">al-Siyādah al-ʻArabīyah wa-al-Shīʻah wa-al-Isrāʼīlīyāt fī ʻahd Banī Umayyah =</marc:subfield><marc:subfield code="b">La Domination Arabe , le chiitisme et les croyances messianiques sous le khalifat des Omayades /</marc:subfield><marc:subfield code="c">taʼlīf Fān Flūtin ; tarjamahu ʻan al-Faransīyah wa-naqadahu wa-ʻallaqa ʻalayhi al-duktūr Ḥasan Ibrāhīm Ḥasan, duktūr fī al-falsafah wa-duktūr fī al-Ādāb fī al-tārīkh al-Islāmī min Jāmiʻat Landan, wa-ʻuḍw al-Jamʻīyah al-Asyawīyah al-Malakīyah bi-Injiltirā wa-al-ustādh al-musāʻid bi-Kullīyat al-Ādāb bi-al-Jāmiʻah al-Miṣrīyah , Muḥammad Zakī Ibrāhīm, al-ḥāʼiz li-shahādat al-ʻālamīyah, wa-ijāzat al-tārīkh wa-al-akhlāq min Kullīyat al-Lughah al-ʻArabīyah bi-al-Jāmiʻah al-Azharīyah wa-al-mutarjim bi-Maṣlaḥat al-Misāḥah.</marc:subfield></marc:datafield><marc:datafield tag="250" ind1=" " ind2=" "><marc:subfield code="6">880-02</marc:subfield><marc:subfield code="a">al-Ṭabʻah al-ūlá.</marc:subfield></marc:datafield><marc:datafield tag="264" ind1=" " ind2="1"><marc:subfield code="6">880-03</marc:subfield><marc:subfield code="a">Miṣr :</marc:subfield><marc:subfield code="b">Maṭbaʻat al-Saʻādah bi-jiwār Muḥafaẓat Miṣr,</marc:subfield><marc:subfield code="c">1934.</marc:subfield></marc:datafield><marc:datafield tag="300" ind1=" " ind2=" "><marc:subfield code="a">8, 167 pages ;</marc:subfield><marc:subfield code="c">23 cm.</marc:subfield></marc:datafield><marc:datafield tag="336" ind1=" " ind2=" "><marc:subfield code="a">text</marc:subfield><marc:subfield code="b">txt</marc:subfield><marc:subfield code="2">rdacontent.</marc:subfield></marc:datafield><marc:datafield tag="337" ind1=" " ind2=" "><marc:subfield code="a">unmediated</marc:subfield><marc:subfield code="b">n</marc:subfield><marc:subfield code="2">rdamedia.</marc:subfield></marc:datafield><marc:datafield tag="338" ind1=" " ind2=" "><marc:subfield code="a">volume</marc:subfield><marc:subfield code="b">nc</marc:subfield><marc:subfield code="2">rdacarrier.</marc:subfield></marc:datafield><marc:datafield tag="500" ind1=" " ind2=" "><marc:subfield code="a">Translation of: La Domination Arabe, le Chi'itisme et les croyances Messianiques sous le Khalifat des Omayades / par G. Van Vloten.</marc:subfield></marc:datafield><marc:datafield tag="500" ind1=" " ind2=" "><marc:subfield code="a">Includes Errata page.</marc:subfield></marc:datafield><marc:datafield tag="500" ind1=" " ind2=" "><marc:subfield code="6">880-04</marc:subfield><marc:subfield code="a">Ḥuqūq al-ṭabʻ maḥfūẓah lil-mutarjimayn.</marc:subfield></marc:datafield><marc:datafield tag="504" ind1=" " ind2=" "><marc:subfield code="a">Includes bibliographical references and index.</marc:subfield></marc:datafield><marc:datafield tag="650" ind1=" " ind2="0"><marc:subfield code="a">Arabs</marc:subfield><marc:subfield code="x">History</marc:subfield><marc:subfield code="y">To 750.</marc:subfield></marc:datafield><marc:datafield tag="650" ind1=" " ind2="0"><marc:subfield code="a">Islamic sects.</marc:subfield></marc:datafield><marc:datafield tag="600" ind1="3" ind2="0"><marc:subfield code="a">Umayyad dynasty. </marc:subfield></marc:datafield><marc:datafield tag="650" ind1=" " ind2="0"><marc:subfield code="a">Shiites. </marc:subfield></marc:datafield><marc:datafield tag="700" ind1="1" ind2=" "><marc:subfield code="6">880-05</marc:subfield><marc:subfield code="a">Ḥasan, Ḥasan Ibrāhīm,</marc:subfield><marc:subfield code="e">translator.</marc:subfield></marc:datafield><marc:datafield tag="700" ind1="1" ind2=" "><marc:subfield code="6">880-06</marc:subfield><marc:subfield code="a">Ibrāhīm, Muḥammad Zakī,</marc:subfield><marc:subfield code="e">translator.</marc:subfield></marc:datafield><marc:datafield tag="880" ind1=" " ind2=" "><marc:subfield code="6">250-02/(3/r</marc:subfield><marc:subfield code="a">الطبعة الأولى..</marc:subfield></marc:datafield><marc:datafield tag="880" ind1="1" ind2="2"><marc:subfield code="6">245-01/(3/r</marc:subfield><marc:subfield code="a">السيادة العربية والشيعة والإسرائيليات في عهد بني أمية =</marc:subfield><marc:subfield code="b">La Domination Arabe , le chiitisme et les croyances messianiques sous le khalifat des Omayades /</marc:subfield><marc:subfield code="c">تأليف فان فلوتن ؛ ترجمه عن الفرنسية ونقده وعلق عليه الدكتور حسن إبراهيم حسن، دكتور في الفلسفة ودكتور في الآداب في التاريخ الإسلامي من جامعة لندن، وعضو الجمعية الأسيوية الملكية بإنجلترا والأستاذ المساعد بكلية الآداب بالجامعة المصرية ، محمد زكي إبراهيم، الحائز لشهادة العالمية، وإجازة التاريخ والأخلاق من كلية اللغة العربية بالجامعة الأزهرية والمترجم بمصلحة المساحة..</marc:subfield></marc:datafield><marc:datafield tag="880" ind1=" " ind2="1"><marc:subfield code="6">264-03/(3/r</marc:subfield><marc:subfield code="a">مصر :</marc:subfield><marc:subfield code="b">مطبعة السعادة بجوار محفظة مصر،</marc:subfield><marc:subfield code="c">1934.</marc:subfield></marc:datafield><marc:datafield tag="880" ind1=" " ind2=" "><marc:subfield code="6">500-04/(3/r</marc:subfield><marc:subfield code="a">حقوق الطبع محفوظة للمترجمين..</marc:subfield></marc:datafield><marc:datafield tag="880" ind1="1" ind2=" "><marc:subfield code="6">700-05/(3/r</marc:subfield><marc:subfield code="a">حسن، حسن إبراهيم..</marc:subfield></marc:datafield><marc:datafield tag="880" ind1="1" ind2=" "><marc:subfield code="6">700-06/(3/r</marc:subfield><marc:subfield code="a">إبراهيم، محمد زكي..</marc:subfield></marc:datafield><marc:datafield tag="907" ind1=" " ind2=" "><marc:subfield code="a">.b12565131</marc:subfield><marc:subfield code="b">main </marc:subfield></marc:datafield><marc:datafield tag="902" ind1=" " ind2=" "><marc:subfield code="a">170717</marc:subfield></marc:datafield><marc:datafield tag="998" ind1=" " ind2=" "><marc:subfield code="b">1</marc:subfield><marc:subfield code="c">001119</marc:subfield><marc:subfield code="d">m</marc:subfield><marc:subfield code="e">a</marc:subfield><marc:subfield code="f">-</marc:subfield><marc:subfield code="g">3</marc:subfield><marc:subfield code="k">MAH</marc:subfield></marc:datafield><marc:datafield tag="945" ind1=" " ind2=" "><marc:subfield code="l">main </marc:subfield></marc:datafield></marc:record>
</marc:collection>
